<record><leader>00000cas a22000007a 4500</leader><controlfield tag="001">16896497</controlfield><controlfield tag="008">871026c19719999ohuwr ne      |   a0eng  </controlfield><datafield ind1=" " ind2=" " tag="010"><subfield code="a">sn 87075171 </subfield></datafield><datafield ind1=" " ind2=" " tag="040"><subfield code="a">ONP</subfield><subfield code="b">eng</subfield><subfield code="c">ONP</subfield><subfield code="d">OCLCQ</subfield><subfield code="d">DLC</subfield></datafield><datafield ind1=" " ind2=" " tag="012"><subfield code="l">1</subfield></datafield><datafield ind1="1" ind2=" " tag="022"><subfield code="a">2332-4880</subfield><subfield code="2">1</subfield></datafield><datafield ind1=" " ind2=" " tag="032"><subfield code="a">272220</subfield><subfield code="b">USPS</subfield></datafield><datafield ind1=" " ind2=" " tag="037"><subfield code="b">Monica Nieporte, 9300 Johnson Road, Athens, Ohio 45701</subfield><subfield code="c">$0.75 (single issue)</subfield><subfield code="c">$30.00 (26 weeks)</subfield><subfield code="c">$42.50 (52 weeks)</subfield></datafield><datafield ind1=" " ind2=" " tag="042"><subfield code="a">pcc</subfield><subfield code="a">nsdp</subfield></datafield><datafield ind1="1" ind2="0" tag="050"><subfield code="a">ISSN RECORD</subfield></datafield><datafield ind1="1" ind2="0" tag="082"><subfield code="a">071</subfield><subfield code="2">23</subfield></datafield><datafield ind1=" " ind2="4" tag="222"><subfield code="a">The Vinton County courier</subfield></datafield><datafield ind1="0" ind2="4" tag="245"><subfield code="a">The Vinton County courier.</subfield></datafield><datafield ind1=" " ind2=" " tag="260"><subfield code="a">McArthur, Ohio :</subfield><subfield code="b">[s.n.],</subfield><subfield code="c">1971-</subfield></datafield><datafield ind1="3" ind2=" " tag="260"><subfield code="3">&lt;2013-&gt;:</subfield><subfield code="a">Athens, Ohio :</subfield><subfield code="b">Monica Nieporte :</subfield><subfield code="b">Athens Messenger</subfield></datafield><datafield ind1=" " ind2=" " tag="300"><subfield code="a">v.</subfield></datafield><datafield ind1=" " ind2=" " tag="310"><subfield code="a">Weekly (every Wednesday)</subfield></datafield><datafield ind1="0" ind2=" " tag="362"><subfield code="a">Vol. 1, no. 1 (Aug. 4, 1971)-</subfield></datafield><datafield ind1=" " ind2=" " tag="500"><subfield code="a">Title from caption.</subfield></datafield><datafield ind1=" " ind2=" " tag="588"><subfield code="a">Latest issue consulted: Oct. 2, 2013.</subfield></datafield><datafield ind1=" " ind2=" " tag="752"><subfield code="a">United States</subfield><subfield code="b">Ohio</subfield><subfield code="c">Vinton</subfield><subfield code="d">McArthur.</subfield></datafield><datafield ind1="0" ind2="0" tag="780"><subfield code="t">Democrat-enquirer (McArthur, Ohio)</subfield><subfield code="w">(DLC)sn 89076242</subfield><subfield code="w">(OCoLC)20764654</subfield></datafield><datafield ind1="4" ind2="2" tag="856"><subfield code="u">http://www.vintondaily.com</subfield></datafield></record>